<?xml version="1.0" encoding="UTF-8"?><collection xmlns="http://www.loc.gov/MARC21/slim"><record><leader>00410nam--2200133-i-4500</leader><controlfield tag="001">000045779</controlfield><controlfield tag="002">20161230</controlfield><controlfield tag="005">20161230201045</controlfield><controlfield tag="008">060222s1000------------r-----000-0-eng-d</controlfield><datafield ind1=" " ind2=" " tag="080"><subfield code="a">681.3.06:539.186</subfield></datafield><datafield ind1=" " ind2=" " tag="100"><subfield code="a">Tsuchihashi,Keiichire</subfield></datafield><datafield ind1=" " ind2=" " tag="245"><subfield code="a">Clupp 77:a fortran program of collision probabilities for square clustered assembly</subfield></datafield><datafield ind1=" " ind2=" " tag="260"><subfield code="a">Tokyo, Japan Atomic Energy Research Inst.,1971. 21</subfield></datafield><datafield ind1=" " ind2=" " tag="852"><subfield code="a">D.1234</subfield></datafield></record></collection>